@article{1987PASP...99..191S,
	adsnote = {Provided by the SAO/NASA Astrophysics Data System},
	adsurl = {https://ui.adsabs.harvard.edu/abs/1987PASP...99..191S},
	author = {{Stetson}, Peter B.},
	doi = {10.1086/131977},
	journal = {\pasp},
	keywords = {Algorithms; Astronomical Photometry; Computer Programs; Charge Coupled Devices; Color-Magnitude Diagram; Magellanic Clouds; Point Spread Functions; Television Cameras; COMPUTER PROGRAMMING AND SOFTWARE; data-handling techniques; photometry (general)},
	month = mar,
	pages = {191},
	title = {{DAOPHOT: A Computer Program for Crowded-Field Stellar Photometry}},
	volume = {99},
	year = 1987
}

@software{larry_bradley_2020_4044744,
	author = {Bradley, Larry and Sip{\H o}cz, Brigitta and Robitaille, Thomas and Tollerud, Erik and Vin{\'\i}cius, Z{\'e} and Deil, Christoph and Barbary, Kyle and Wilson, Tom J and Busko, Ivo and G{\"u}nther, Hans Moritz and Cara, Mihai and Conseil, Simon and Bostroem, Azalee and Droettboom, Michael and Bray, E. M. and Bratholm, Lars Andersen and Lim, P. L. and Barentsen, Geert and Craig, Matt and Pascual, Sergio and Perren, Gabriel and Greco, Johnny and Donath, Axel and de Val-Borro, Miguel and Kerzendorf, Wolfgang and Bach, Yoonsoo P. and Weaver, Benjamin Alan and D'Eugenio, Francesco and Souchereau, Harrison and Ferreira, Leonardo},
	doi = {10.5281/zenodo.4044744},
	month = sep,
	publisher = {Zenodo},
	title = {{astropy/photutils: 1.0.0}},
	url = {https://doi.org/10.5281/zenodo.4044744},
	version = {1.0.0},
	year = 2020
}

@article{astropy:2013,
	adsnote = {Provided by the SAO/NASA Astrophysics Data System},
	adsurl = {http://adsabs.harvard.edu/abs/2013A\%26A...558A..33A},
	archiveprefix = {arXiv},
	author = {{Astropy Collaboration} and {Robitaille}, T.~P. and {Tollerud}, E.~J. and {Greenfield}, P. and {Droettboom}, M. and {Bray}, E. and {Aldcroft}, T. and {Davis}, M. and {Ginsburg}, A. and {Price-Whelan}, A.~M. and {Kerzendorf}, W.~E. and {Conley}, A. and {Crighton}, N. and {Barbary}, K. and {Muna}, D. and {Ferguson}, H. and {Grollier}, F. and {Parikh}, M.~M. and {Nair}, P.~H. and {Unther}, H.~M. and {Deil}, C. and {Woillez}, J. and {Conseil}, S. and {Kramer}, R. and {Turner}, J.~E.~H. and {Singer}, L. and {Fox}, R. and {Weaver}, B.~A. and {Zabalza}, V. and {Edwards}, Z.~I. and {Azalee Bostroem}, K. and {Burke}, D.~J. and {Casey}, A.~R. and {Crawford}, S.~M. and {Dencheva}, N. and {Ely}, J. and {Jenness}, T. and {Labrie}, K. and {Lim}, P.~L. and {Pierfederici}, F. and {Pontzen}, A. and {Ptak}, A. and {Refsdal}, B. and {Servillat}, M. and {Streicher}, O.},
	bdsk-url-1 = {https://dx.doi.org/10.1051/0004-6361/201322068},
	doi = {10.1051/0004-6361/201322068},
	eid = {A33},
	eprint = {1307.6212},
	journal = {\aap},
	keywords = {methods: data analysis; methods: miscellaneous; virtual observatory tools},
	month = oct,
	pages = {A33},
	primaryclass = {astro-ph.IM},
	title = {{Astropy: A community Python package for astronomy}},
	volume = 558,
	year = 2013
}

@article{astropy:2018,
	adsnote = {Provided by the SAO/NASA Astrophysics Data System},
	adsurl = {https://ui.adsabs.harvard.edu/abs/2018AJ....156..123A},
	archiveprefix = {arXiv},
	author = {{Astropy Collaboration} and {Price-Whelan}, A.~M. and {Sip{\H o}cz}, B.~M. and {G{\"u}nther}, H.~M. and {Lim}, P.~L. and {Crawford}, S.~M. and {Conseil}, S. and {Shupe}, D.~L. and {Craig}, M.~W. and {Dencheva}, N. and {Ginsburg}, A. and {Vand erPlas}, J.~T. and {Bradley}, L.~D. and {P{\'e}rez-Su{\'a}rez}, D. and {de Val-Borro}, M. and {Aldcroft}, T.~L. and {Cruz}, K.~L. and {Robitaille}, T.~P. and {Tollerud}, E.~J. and {Ardelean}, C. and {Babej}, T. and {Bach}, Y.~P. and {Bachetti}, M. and {Bakanov}, A.~V. and {Bamford}, S.~P. and {Barentsen}, G. and {Barmby}, P. and {Baumbach}, A. and {Berry}, K.~L. and {Biscani}, F. and {Boquien}, M. and {Bostroem}, K.~A. and {Bouma}, L.~G. and {Brammer}, G.~B. and {Bray}, E.~M. and {Breytenbach}, H. and {Buddelmeijer}, H. and {Burke}, D.~J. and {Calderone}, G. and {Cano Rodr{\'\i}guez}, J.~L. and {Cara}, M. and {Cardoso}, J.~V.~M. and {Cheedella}, S. and {Copin}, Y. and {Corrales}, L. and {Crichton}, D. and {D'Avella}, D. and {Deil}, C. and {Depagne}, {\'E}. and {Dietrich}, J.~P. and {Donath}, A. and {Droettboom}, M. and {Earl}, N. and {Erben}, T. and {Fabbro}, S. and {Ferreira}, L.~A. and {Finethy}, T. and {Fox}, R.~T. and {Garrison}, L.~H. and {Gibbons}, S.~L.~J. and {Goldstein}, D.~A. and {Gommers}, R. and {Greco}, J.~P. and {Greenfield}, P. and {Groener}, A.~M. and {Grollier}, F. and {Hagen}, A. and {Hirst}, P. and {Homeier}, D. and {Horton}, A.~J. and {Hosseinzadeh}, G. and {Hu}, L. and {Hunkeler}, J.~S. and {Ivezi{\'c}}, {\v Z}. and {Jain}, A. and {Jenness}, T. and {Kanarek}, G. and {Kendrew}, S. and {Kern}, N.~S. and {Kerzendorf}, W.~E. and {Khvalko}, A. and {King}, J. and {Kirkby}, D. and {Kulkarni}, A.~M. and {Kumar}, A. and {Lee}, A. and {Lenz}, D. and {Littlefair}, S.~P. and {Ma}, Z. and {Macleod}, D.~M. and {Mastropietro}, M. and {McCully}, C. and {Montagnac}, S. and {Morris}, B.~M. and {Mueller}, M. and {Mumford}, S.~J. and {Muna}, D. and {Murphy}, N.~A. and {Nelson}, S. and {Nguyen}, G.~H. and {Ninan}, J.~P. and {N{\"o}the}, M. and {Ogaz}, S. and {Oh}, S. and {Parejko}, J.~K. and {Parley}, N. and {Pascual}, S. and {Patil}, R. and {Patil}, A.~A. and {Plunkett}, A.~L. and {Prochaska}, J.~X. and {Rastogi}, T. and {Reddy Janga}, V. and {Sabater}, J. and {Sakurikar}, P. and {Seifert}, M. and {Sherbert}, L.~E. and {Sherwood-Taylor}, H. and {Shih}, A.~Y. and {Sick}, J. and {Silbiger}, M.~T. and {Singanamalla}, S. and {Singer}, L.~P. and {Sladen}, P.~H. and {Sooley}, K.~A. and {Sornarajah}, S. and {Streicher}, O. and {Teuben}, P. and {Thomas}, S.~W. and {Tremblay}, G.~R. and {Turner}, J.~E.~H. and {Terr{\'o}n}, V. and {van Kerkwijk}, M.~H. and {de la Vega}, A. and {Watkins}, L.~L. and {Weaver}, B.~A. and {Whitmore}, J.~B. and {Woillez}, J. and {Zabalza}, V. and {Astropy Contributors}},
	doi = {10.3847/1538-3881/aabc4f},
	eid = {123},
	eprint = {1801.02634},
	journal = {\aj},
	keywords = {methods: data analysis; methods: miscellaneous; methods: statistical; reference systems; Astrophysics - Instrumentation and Methods for Astrophysics},
	month = sep,
	number = {3},
	pages = {123},
	primaryclass = {astro-ph.IM},
	title = {{The Astropy Project: Building an Open-science Project and Status of the v2.0 Core Package}},
	volume = {156},
	year = 2018
}

@article{2010JAVSO..38..202P,
	adsnote = {Provided by the SAO/NASA Astrophysics Data System},
	adsurl = {https://ui.adsabs.harvard.edu/abs/2010JAVSO..38..202P},
	author = {{Paxson}, K.~B.},
	journal = {Journal of the American Association of Variable Star Observers (JAAVSO)},
	month = dec,
	number = {2},
	pages = {202},
	title = {{Differential Ensemble Photometry by Linear Regression}},
	volume = {38},
	year = 2010
}

@article{2010AJ....139.1782L,
	adsnote = {Provided by the SAO/NASA Astrophysics Data System},
	adsurl = {https://ui.adsabs.harvard.edu/abs/2010AJ....139.1782L},
	archiveprefix = {arXiv},
	author = {{Lang}, Dustin and {Hogg}, David W. and {Mierle}, Keir and {Blanton}, Michael and {Roweis}, Sam},
	doi = {10.1088/0004-6256/139/5/1782},
	eprint = {0910.2233},
	journal = {\aj},
	keywords = {astrometry; catalogs; instrumentation: miscellaneous; methods: data analysis; methods: statistical; techniques: image processing; Astrophysics - Instrumentation and Methods for Astrophysics},
	month = may,
	number = {5},
	pages = {1782--1800},
	primaryclass = {astro-ph.IM},
	title = {{Astrometry.net: Blind Astrometric Calibration of Arbitrary Astronomical Images}},
	volume = {139},
	year = 2010
}

@article{2000A&AS..143...23O,
	adsnote = {Provided by the SAO/NASA Astrophysics Data System},
	adsurl = {https://ui.adsabs.harvard.edu/abs/2000A\&AS..143...23O},
	archiveprefix = {arXiv},
	author = {{Ochsenbein}, F. and {Bauer}, P. and {Marcout}, J.},
	doi = {10.1051/aas:2000169},
	eprint = {astro-ph/0002122},
	journal = {\aaps},
	keywords = {ASTRONOMICAL DATA BASES: MISCELLANEOUS; CATALOGS; Astrophysics},
	month = apr,
	pages = {23--32},
	primaryclass = {astro-ph},
	title = {{The VizieR database of astronomical catalogues}},
	volume = {143},
	year = 2000
}

@article{2015AJ....150..101Z,
	adsnote = {Provided by the SAO/NASA Astrophysics Data System},
	adsurl = {https://ui.adsabs.harvard.edu/abs/2015AJ....150..101Z},
	archiveprefix = {arXiv},
	author = {{Zacharias}, N. and {Finch}, C. and {Subasavage}, J. and {Bredthauer}, G. and {Crockett}, C. and {Divittorio}, M. and {Ferguson}, E. and {Harris}, F. and {Harris}, H. and {Henden}, A. and {Kilian}, C. and {Munn}, J. and {Rafferty}, T. and {Rhodes}, A. and {Schultheiss}, M. and {Tilleman}, T. and {Wieder}, G.},
	doi = {10.1088/0004-6256/150/4/101},
	eid = {101},
	eprint = {1508.04637},
	journal = {\aj},
	keywords = {astrometry; catalogs; proper motions; Astrophysics - Instrumentation and Methods for Astrophysics},
	month = oct,
	number = {4},
	pages = {101},
	primaryclass = {astro-ph.IM},
	title = {{The First U.S. Naval Observatory Robotic Astrometric Telescope Catalog}},
	volume = {150},
	year = 2015
}

@inproceedings{2015AAS...22533616H,
	adsnote = {Provided by the SAO/NASA Astrophysics Data System},
	adsurl = {https://ui.adsabs.harvard.edu/abs/2015AAS...22533616H},
	author = {{Henden}, Arne A. and {Levine}, Stephen and {Terrell}, Dirk and {Welch}, Douglas L.},
	booktitle = {{American Astronomical Society Meeting Abstracts \#225}},
	eid = {336.16},
	month = jan,
	pages = {336.16},
	series = {{American Astronomical Society Meeting Abstracts}},
	title = {{APASS - The Latest Data Release}},
	volume = {225},
	year = 2015
}

@article{2003AJ....125..984M,
	adsnote = {Provided by the SAO/NASA Astrophysics Data System},
	adsurl = {https://ui.adsabs.harvard.edu/abs/2003AJ....125..984M},
	archiveprefix = {arXiv},
	author = {{Monet}, David G. and {Levine}, Stephen E. and {Canzian}, Blaise and {Ables}, Harold D. and {Bird}, Alan R. and {Dahn}, Conard C. and {Guetter}, Harry H. and {Harris}, Hugh C. and {Henden}, Arne A. and {Leggett}, Sandy K. and {Levison}, Harold F. and {Luginbuhl}, Christian B. and {Martini}, Joan and {Monet}, Alice K.~B. and {Munn}, Jeffrey A. and {Pier}, Jeffrey R. and {Rhodes}, Albert R. and {Riepe}, Betty and {Sell}, Stephen and {Stone}, Ronald C. and {Vrba}, Frederick J. and {Walker}, Richard L. and {Westerhout}, Gart and {Brucato}, Robert J. and {Reid}, I. Neill and {Schoening}, William and {Hartley}, M. and {Read}, M.~A. and {Tritton}, S.~B.},
	doi = {10.1086/345888},
	eprint = {astro-ph/0210694},
	journal = {\aj},
	keywords = {Astrometry; Catalogs; Astrophysics},
	month = feb,
	number = {2},
	pages = {984--993},
	primaryclass = {astro-ph},
	title = {{The USNO-B Catalog}},
	volume = {125},
	year = 2003
}

@article{2011yCat.2306....0A,
	adsnote = {Provided by the SAO/NASA Astrophysics Data System},
	adsurl = {https://ui.adsabs.harvard.edu/abs/2011yCat.2306....0A},
	author = {{Adelman-McCarthy}, J.~K. and {et al.}},
	eid = {II/306},
	journal = {VizieR Online Data Catalog},
	keywords = {Surveys; Photometry: SDSS; Redshifts},
	month = sep,
	pages = {II/306},
	title = {{VizieR Online Data Catalog: The SDSS Photometric Catalog, Release 8 (Adelman-McCarthy+, 2011)}},
	year = 2011
}

@book{2005haip.book.....B,
	adsnote = {Provided by the SAO/NASA Astrophysics Data System},
	adsurl = {https://ui.adsabs.harvard.edu/abs/2005haip.book.....B},
	author = {{Berry}, Richard and {Burnell}, James},
	title = {{The handbook of astronomical image processing}},
	volume = {2},
	year = 2005
}

@article{1991PASP..103..122N,
	adsnote = {Provided by the SAO/NASA Astrophysics Data System},
	adsurl = {https://ui.adsabs.harvard.edu/abs/1991PASP..103..122N},
	author = {{Newberry}, Michael V.},
	doi = {10.1086/132801},
	journal = {\pasp},
	keywords = {Astronomical Photometry; Charge Coupled Devices; Signal To Noise Ratios; Astronomical Spectroscopy; Data Reduction; Image Processing; Random Errors; Instrumentation and Photography; PHOTOMETRY},
	month = jan,
	pages = {122},
	title = {{Signal-to-Noise Considerations for Sky-Subtracted CCD Data}},
	volume = {103},
	year = 1991
}

@article{2006SASS...25...47W,
	adsnote = {Provided by the SAO/NASA Astrophysics Data System},
	adsurl = {https://ui.adsabs.harvard.edu/abs/2006SASS...25...47W},
	author = {{Watson}, C.~L. and {Henden}, A.~A. and {Price}, A.},
	journal = {Society for Astronomical Sciences Annual Symposium},
	month = may,
	pages = {47},
	title = {{The International Variable Star Index (VSX)}},
	volume = {25},
	year = 2006
}

@article{2018A&A...616A...1G,
	adsnote = {Provided by the SAO/NASA Astrophysics Data System},
	adsurl = {https://ui.adsabs.harvard.edu/abs/2018A\&A...616A...1G},
	archiveprefix = {arXiv},
	author = {{Gaia Collaboration} and {Brown}, A.~G.~A. and {Vallenari}, A. and {Prusti}, T. and {de Bruijne}, J.~H.~J. and {Babusiaux}, C. and {Bailer-Jones}, C.~A.~L. and {Biermann}, M. and {Evans}, D.~W. and {Eyer}, L. and {Jansen}, F. and {Jordi}, C. and {Klioner}, S.~A. and {Lammers}, U. and {Lindegren}, L. and {Luri}, X. and {Mignard}, F. and {Panem}, C. and {Pourbaix}, D. and {Randich}, S. and {Sartoretti}, P. and {Siddiqui}, H.~I. and {Soubiran}, C. and {van Leeuwen}, F. and {Walton}, N.~A. and {Arenou}, F. and {Bastian}, U. and {Cropper}, M. and {Drimmel}, R. and {Katz}, D. and {Lattanzi}, M.~G. and {Bakker}, J. and {Cacciari}, C. and {Casta{\~n}eda}, J. and {Chaoul}, L. and {Cheek}, N. and {De Angeli}, F. and {Fabricius}, C. and {Guerra}, R. and {Holl}, B. and {Masana}, E. and {Messineo}, R. and {Mowlavi}, N. and {Nienartowicz}, K. and {Panuzzo}, P. and {Portell}, J. and {Riello}, M. and {Seabroke}, G.~M. and {Tanga}, P. and {Th{\'e}venin}, F. and {Gracia-Abril}, G. and {Comoretto}, G. and {Garcia-Reinaldos}, M. and {Teyssier}, D. and {Altmann}, M. and {Andrae}, R. and {Audard}, M. and {Bellas-Velidis}, I. and {Benson}, K. and {Berthier}, J. and {Blomme}, R. and {Burgess}, P. and {Busso}, G. and {Carry}, B. and {Cellino}, A. and {Clementini}, G. and {Clotet}, M. and {Creevey}, O. and {Davidson}, M. and {De Ridder}, J. and {Delchambre}, L. and {Dell'Oro}, A. and {Ducourant}, C. and {Fern{\'a}ndez-Hern{\'a}ndez}, J. and {Fouesneau}, M. and {Fr{\'e}mat}, Y. and {Galluccio}, L. and {Garc{\'\i}a-Torres}, M. and {Gonz{\'a}lez-N{\'u}{\~n}ez}, J. and {Gonz{\'a}lez-Vidal}, J.~J. and {Gosset}, E. and {Guy}, L.~P. and {Halbwachs}, J. -L. and {Hambly}, N.~C. and {Harrison}, D.~L. and {Hern{\'a}ndez}, J. and {Hestroffer}, D. and {Hodgkin}, S.~T. and {Hutton}, A. and {Jasniewicz}, G. and {Jean-Antoine-Piccolo}, A. and {Jordan}, S. and {Korn}, A.~J. and {Krone-Martins}, A. and {Lanzafame}, A.~C. and {Lebzelter}, T. and {L{\"o}ffler}, W. and {Manteiga}, M. and {Marrese}, P.~M. and {Mart{\'\i}n-Fleitas}, J.~M. and {Moitinho}, A. and {Mora}, A. and {Muinonen}, K. and {Osinde}, J. and {Pancino}, E. and {Pauwels}, T. and {Petit}, J. -M. and {Recio-Blanco}, A. and {Richards}, P.~J. and {Rimoldini}, L. and {Robin}, A.~C. and {Sarro}, L.~M. and {Siopis}, C. and {Smith}, M. and {Sozzetti}, A. and {S{\"u}veges}, M. and {Torra}, J. and {van Reeven}, W. and {Abbas}, U. and {Abreu Aramburu}, A. and {Accart}, S. and {Aerts}, C. and {Altavilla}, G. and {{\'A}lvarez}, M.~A. and {Alvarez}, R. and {Alves}, J. and {Anderson}, R.~I. and {Andrei}, A.~H. and {Anglada Varela}, E. and {Antiche}, E. and {Antoja}, T. and {Arcay}, B. and {Astraatmadja}, T.~L. and {Bach}, N. and {Baker}, S.~G. and {Balaguer-N{\'u}{\~n}ez}, L. and {Balm}, P. and {Barache}, C. and {Barata}, C. and {Barbato}, D. and {Barblan}, F. and {Barklem}, P.~S. and {Barrado}, D. and {Barros}, M. and {Barstow}, M.~A. and {Bartholom{\'e} Mu{\~n}oz}, S. and {Bassilana}, J. -L. and {Becciani}, U. and {Bellazzini}, M. and {Berihuete}, A. and {Bertone}, S. and {Bianchi}, L. and {Bienaym{\'e}}, O. and {Blanco-Cuaresma}, S. and {Boch}, T. and {Boeche}, C. and {Bombrun}, A. and {Borrachero}, R. and {Bossini}, D. and {Bouquillon}, S. and {Bourda}, G. and {Bragaglia}, A. and {Bramante}, L. and {Breddels}, M.~A. and {Bressan}, A. and {Brouillet}, N. and {Br{\"u}semeister}, T. and {Brugaletta}, E. and {Bucciarelli}, B. and {Burlacu}, A. and {Busonero}, D. and {Butkevich}, A.~G. and {Buzzi}, R. and {Caffau}, E. and {Cancelliere}, R. and {Cannizzaro}, G. and {Cantat-Gaudin}, T. and {Carballo}, R. and {Carlucci}, T. and {Carrasco}, J.~M. and {Casamiquela}, L. and {Castellani}, M. and {Castro-Ginard}, A. and {Charlot}, P. and {Chemin}, L. and {Chiavassa}, A. and {Cocozza}, G. and {Costigan}, G. and {Cowell}, S. and {Crifo}, F. and {Crosta}, M. and {Crowley}, C. and {Cuypers}, J. and {Dafonte}, C. and {Damerdji}, Y. and {Dapergolas}, A. and {David}, P. and {David}, M. and {de Laverny}, P. and {De Luise}, F. and {De March}, R. and {de Martino}, D. and {de Souza}, R. and {de Torres}, A. and {Debosscher}, J. and {del Pozo}, E. and {Delbo}, M. and {Delgado}, A. and {Delgado}, H.~E. and {Di Matteo}, P. and {Diakite}, S. and {Diener}, C. and {Distefano}, E. and {Dolding}, C. and {Drazinos}, P. and {Dur{\'a}n}, J. and {Edvardsson}, B. and {Enke}, H. and {Eriksson}, K. and {Esquej}, P. and {Eynard Bontemps}, G. and {Fabre}, C. and {Fabrizio}, M. and {Faigler}, S. and {Falc{\~a}o}, A.~J. and {Farr{\`a}s Casas}, M. and {Federici}, L. and {Fedorets}, G. and {Fernique}, P. and {Figueras}, F. and {Filippi}, F. and {Findeisen}, K. and {Fonti}, A. and {Fraile}, E. and {Fraser}, M. and {Fr{\'e}zouls}, B. and {Gai}, M. and {Galleti}, S. and {Garabato}, D. and {Garc{\'\i}a-Sedano}, F. and {Garofalo}, A. and {Garralda}, N. and {Gavel}, A. and {Gavras}, P. and {Gerssen}, J. and {Geyer}, R. and {Giacobbe}, P. and {Gilmore}, G. and {Girona}, S. and {Giuffrida}, G. and {Glass}, F. and {Gomes}, M. and {Granvik}, M. and {Gueguen}, A. and {Guerrier}, A. and {Guiraud}, J. and {Guti{\'e}rrez-S{\'a}nchez}, R. and {Haigron}, R. and {Hatzidimitriou}, D. and {Hauser}, M. and {Haywood}, M. and {Heiter}, U. and {Helmi}, A. and {Heu}, J. and {Hilger}, T. and {Hobbs}, D. and {Hofmann}, W. and {Holland}, G. and {Huckle}, H.~E. and {Hypki}, A. and {Icardi}, V. and {Jan{\ss}en}, K. and {Jevardat de Fombelle}, G. and {Jonker}, P.~G. and {Juh{\'a}sz}, {\'A}. L. and {Julbe}, F. and {Karampelas}, A. and {Kewley}, A. and {Klar}, J. and {Kochoska}, A. and {Kohley}, R. and {Kolenberg}, K. and {Kontizas}, M. and {Kontizas}, E. and {Koposov}, S.~E. and {Kordopatis}, G. and {Kostrzewa-Rutkowska}, Z. and {Koubsky}, P. and {Lambert}, S. and {Lanza}, A.~F. and {Lasne}, Y. and {Lavigne}, J. -B. and {Le Fustec}, Y. and {Le Poncin-Lafitte}, C. and {Lebreton}, Y. and {Leccia}, S. and {Leclerc}, N. and {Lecoeur-Taibi}, I. and {Lenhardt}, H. and {Leroux}, F. and {Liao}, S. and {Licata}, E. and {Lindstr{\o}m}, H.~E.~P. and {Lister}, T.~A. and {Livanou}, E. and {Lobel}, A. and {L{\'o}pez}, M. and {Managau}, S. and {Mann}, R.~G. and {Mantelet}, G. and {Marchal}, O. and {Marchant}, J.~M. and {Marconi}, M. and {Marinoni}, S. and {Marschalk{\'o}}, G. and {Marshall}, D.~J. and {Martino}, M. and {Marton}, G. and {Mary}, N. and {Massari}, D. and {Matijevi{\v c}}, G. and {Mazeh}, T. and {McMillan}, P.~J. and {Messina}, S. and {Michalik}, D. and {Millar}, N.~R. and {Molina}, D. and {Molinaro}, R. and {Moln{\'a}r}, L. and {Montegriffo}, P. and {Mor}, R. and {Morbidelli}, R. and {Morel}, T. and {Morris}, D. and {Mulone}, A.~F. and {Muraveva}, T. and {Musella}, I. and {Nelemans}, G. and {Nicastro}, L. and {Noval}, L. and {O'Mullane}, W. and {Ord{\'e}novic}, C. and {Ord{\'o}{\~n}ez-Blanco}, D. and {Osborne}, P. and {Pagani}, C. and {Pagano}, I. and {Pailler}, F. and {Palacin}, H. and {Palaversa}, L. and {Panahi}, A. and {Pawlak}, M. and {Piersimoni}, A.~M. and {Pineau}, F. -X. and {Plachy}, E. and {Plum}, G. and {Poggio}, E. and {Poujoulet}, E. and {Pr{\v s}a}, A. and {Pulone}, L. and {Racero}, E. and {Ragaini}, S. and {Rambaux}, N. and {Ramos-Lerate}, M. and {Regibo}, S. and {Reyl{\'e}}, C. and {Riclet}, F. and {Ripepi}, V. and {Riva}, A. and {Rivard}, A. and {Rixon}, G. and {Roegiers}, T. and {Roelens}, M. and {Romero-G{\'o}mez}, M. and {Rowell}, N. and {Royer}, F. and {Ruiz-Dern}, L. and {Sadowski}, G. and {Sagrist{\`a} Sell{\'e}s}, T. and {Sahlmann}, J. and {Salgado}, J. and {Salguero}, E. and {Sanna}, N. and {Santana-Ros}, T. and {Sarasso}, M. and {Savietto}, H. and {Schultheis}, M. and {Sciacca}, E. and {Segol}, M. and {Segovia}, J.~C. and {S{\'e}gransan}, D. and {Shih}, I. -C. and {Siltala}, L. and {Silva}, A.~F. and {Smart}, R.~L. and {Smith}, K.~W. and {Solano}, E. and {Solitro}, F. and {Sordo}, R. and {Soria Nieto}, S. and {Souchay}, J. and {Spagna}, A. and {Spoto}, F. and {Stampa}, U. and {Steele}, I.~A. and {Steidelm{\"u}ller}, H. and {Stephenson}, C.~A. and {Stoev}, H. and {Suess}, F.~F. and {Surdej}, J. and {Szabados}, L. and {Szegedi-Elek}, E. and {Tapiador}, D. and {Taris}, F. and {Tauran}, G. and {Taylor}, M.~B. and {Teixeira}, R. and {Terrett}, D. and {Teyssandier}, P. and {Thuillot}, W. and {Titarenko}, A. and {Torra Clotet}, F. and {Turon}, C. and {Ulla}, A. and {Utrilla}, E. and {Uzzi}, S. and {Vaillant}, M. and {Valentini}, G. and {Valette}, V. and {van Elteren}, A. and {Van Hemelryck}, E. and {van Leeuwen}, M. and {Vaschetto}, M. and {Vecchiato}, A. and {Veljanoski}, J. and {Viala}, Y. and {Vicente}, D. and {Vogt}, S. and {von Essen}, C. and {Voss}, H. and {Votruba}, V. and {Voutsinas}, S. and {Walmsley}, G. and {Weiler}, M. and {Wertz}, O. and {Wevers}, T. and {Wyrzykowski}, {\L}. and {Yoldas}, A. and {{\v Z}erjal}, M. and {Ziaeepour}, H. and {Zorec}, J. and {Zschocke}, S. and {Zucker}, S. and {Zurbach}, C. and {Zwitter}, T.},
	doi = {10.1051/0004-6361/201833051},
	eid = {A1},
	eprint = {1804.09365},
	journal = {\aap},
	keywords = {catalogs; astrometry; techniques: radial velocities; stars: fundamental parameters; stars: variables: general; minor planets; asteroids: general; Astrophysics - Astrophysics of Galaxies; Astrophysics - Instrumentation and Methods for Astrophysics},
	month = aug,
	pages = {A1},
	primaryclass = {astro-ph.GA},
	title = {{Gaia Data Release 2. Summary of the contents and survey properties}},
	volume = {616},
	year = 2018
}

@article{2005SASS...24..107K,
	adsnote = {Provided by the SAO/NASA Astrophysics Data System},
	adsurl = {https://ui.adsabs.harvard.edu/abs/2005SASS...24..107K},
	author = {{Koppelman}, M.},
	journal = {Society for Astronomical Sciences Annual Symposium},
	month = may,
	pages = {107},
	title = {{Uncertainty Analysis in Photometric Observations}},
	volume = {24},
	year = 2005
}

@article{1992PASP..104..435H,
	adsnote = {Provided by the SAO/NASA Astrophysics Data System},
	adsurl = {https://ui.adsabs.harvard.edu/abs/1992PASP..104..435H},
	author = {{Honeycutt}, R.~K.},
	doi = {10.1086/133015},
	journal = {\pasp},
	keywords = {Astronomical Photometry; Charge Coupled Devices; Stellar Magnitude; Computer Programs; Data Reduction; Least Squares Method; Light Curve; Variable Stars; Instrumentation and Photography; TECHNIQUES: PHOTOMETRIC},
	month = jun,
	pages = {435},
	title = {{CCD Ensemble Photometry on an Inhomogeneous Set of Exposures}},
	volume = {104},
	year = 1992
}

